<?xml version="1.0" encoding="UTF-8" ?>
<collection xmlns:xsi="http://www.w3.org/2001/XMLSchema-instance" xsi:schemaLocation="http://www.loc.gov/MARC21/slim http://www.loc.gov/standards/marcxml/schema/MARC21slim.xsd" xmlns="http://www.loc.gov/MARC21/slim">
   <record>
      <leader>     cam a22     1  4500</leader>
      <controlfield tag="001">3774594</controlfield>
      <controlfield tag="003">NIC</controlfield>
      <controlfield tag="005">20140802213454.0</controlfield>
      <controlfield tag="008">920707s1907    ua            000 0 ara d</controlfield>
      <datafield tag="035" ind1=" " ind2=" ">
         <subfield code="a">(NIC)notisASZ2929</subfield>
      </datafield>
      <datafield tag="035" ind1=" " ind2=" ">
         <subfield code="a">(OCoLC)26141013</subfield>
      </datafield>
      <datafield tag="035" ind1=" " ind2=" ">
         <subfield code="a">3774594</subfield>
      </datafield>
      <datafield tag="040" ind1=" " ind2=" ">
         <subfield code="a">ZT3</subfield>
         <subfield code="b">fre</subfield>
         <subfield code="c">ZT3</subfield>
         <subfield code="d">NIC</subfield>
      </datafield>
      <datafield tag="245" ind1="0" ind2="0">
         <subfield code="a">Livre des Perles enforues et du mystère précieux au sujet des indications des cachettes, des trouvailles et des trésors, publié et traduit par Ahmed bey Kamal, ...</subfield>
      </datafield>
      <datafield tag="260" ind1=" " ind2=" ">
         <subfield code="a">Le Caire,</subfield>
         <subfield code="b">Imprimerie de l&apos;Institut français d&apos;Archéologie orientale,</subfield>
         <subfield code="c">1907.</subfield>
      </datafield>
      <datafield tag="300" ind1=" " ind2=" ">
         <subfield code="a">2 v.</subfield>
         <subfield code="c">29 x 23 cm.</subfield>
      </datafield>
      <datafield tag="490" ind1="1" ind2=" ">
         <subfield code="a">Service des antiquités de l&apos;Egypte</subfield>
      </datafield>
      <datafield tag="500" ind1=" " ind2=" ">
         <subfield code="a">Avec texte arabe.</subfield>
      </datafield>
      <datafield tag="830" ind1=" " ind2="0">
         <subfield code="a">Service des antiquités de l&apos;Egypte.</subfield>
      </datafield>
      <datafield tag="905" ind1=" " ind2=" ">
         <subfield code="a">20000216120000.0</subfield>
      </datafield>
      <datafield tag="948" ind1="2" ind2=" ">
         <subfield code="a">20121023</subfield>
         <subfield code="b">m</subfield>
         <subfield code="d">batch</subfield>
         <subfield code="e">lts</subfield>
         <subfield code="x">remove999</subfield>
      </datafield>
      <datafield tag="950" ind1=" " ind2=" ">
         <subfield code="l">OLIO1</subfield>
         <subfield code="x">175</subfield>
         <subfield code="a">DT61</subfield>
         <subfield code="b">.D96 1907</subfield>
         <subfield code="d">\+\</subfield>
      </datafield>
      <datafield tag="903" ind1=" " ind2=" ">
         <subfield code="a">NYUACO</subfield>
         <subfield code="d">20150421</subfield>
         <subfield code="p">31924028747966</subfield>
      </datafield>
      <datafield tag="950" ind1=" " ind2=" ">
         <subfield code="a">Oversize</subfield>
         <subfield code="b">DT61 .D96 1907 +</subfield>
         <subfield code="v">v.2 </subfield>
      </datafield>
   </record>
</collection>
